<record xmlns:xsi="http://www.w3.org/2001/XMLSchema-instance" xmlns="http://www.loc.gov/MARC21/slim" xsi:schemaLocation="http://www.loc.gov/MARC21/slim http://www.loc.gov/standards/marcxml/schema/MARC21slim.xsd">

  <leader>00818nam a2200229Ia 4500</leader>
  <controlfield tag="008">150729b2006    cr ||||| |||| 00| | spa d</controlfield>
  <datafield ind1=" " ind2=" " tag="022">
    <subfield code="a">1409-3677</subfield>
  </datafield>
  <datafield ind2=" " tag="090" ind1=" ">
    <subfield code="a">05.01.01 </subfield>
    <subfield code="b">1555</subfield>
  </datafield>
  <datafield ind1="1" ind2=" " tag="100">
    <subfield code="a">Olivares Ferreto, Edith</subfield>
    <subfield code="9">572</subfield>
  </datafield>
  <datafield tag="245" ind2="0" ind1="1">
    <subfield code="a">Migraciones y división social del espacio. El asentamiento de la población Nicaraguense en el cantón central de San José, Costa Rica / </subfield>
    <subfield code="c">Edith Olivares Ferreto</subfield>
  </datafield>
  <datafield ind1=" " tag="260" ind2=" ">
    <subfield code="a">San José, Costa Rica: </subfield>
    <subfield code="b">FLACSO, </subfield>
    <subfield code="c">2006</subfield>
  </datafield>
  <datafield ind2=" " tag="300" ind1=" ">
    <subfield code="a">143 páginas</subfield>
  </datafield>
  <datafield ind1=" " ind2=" " tag="490">
    <subfield code="a">Cuaderno de Ciencias Sociales no.144</subfield>
  </datafield>
  <datafield ind2="4" tag="650" ind1="1">
    <subfield code="a">CIENCIAS SOCIALES </subfield>
    <subfield code="9">276</subfield>
  </datafield>
  <datafield tag="650" ind2="4" ind1="1">
    <subfield code="a">EMIGRACIÓN </subfield>
    <subfield code="9">573</subfield>
  </datafield>
  <datafield tag="650" ind2="4" ind1="1">
    <subfield code="a">INMIGRACIÓN </subfield>
    <subfield code="9">574</subfield>
  </datafield>
  <datafield ind2="4" tag="650" ind1="1">
    <subfield code="a">ASENTAMIENTOS HUMANOS</subfield>
    <subfield code="9">575</subfield>
  </datafield>
  <datafield tag="650" ind2="4" ind1="1">
    <subfield code="a">ASPECTOS SOCIALES </subfield>
    <subfield code="9">576</subfield>
  </datafield>
  <datafield ind1="1" tag="650" ind2="4">
    <subfield code="a">NICARAGUENSES</subfield>
    <subfield code="9">577</subfield>
  </datafield>
  <datafield ind1=" " tag="651" ind2="4">
    <subfield code="a">SAN JOSÉ (COSTA RICA)</subfield>
    <subfield code="9">578</subfield>
  </datafield>
  <datafield ind1=" " tag="942" ind2=" ">
    <subfield code="2">z</subfield>
    <subfield code="c">01</subfield>
  </datafield>
  <datafield ind2=" " tag="999" ind1=" ">
    <subfield code="c">127</subfield>
    <subfield code="d">127</subfield>
  </datafield>
</record>